
@online{owaspfoundationOWASPTopTen2024,
  title = {{{OWASP Top Ten}} | {{OWASP Foundation}}},
  author = {{OWASP Foundation}},
  date = {2024-11-02},
  url = {https://owasp.org/www-project-top-ten/},
  year = {2024},
  abstract = {The OWASP Top 10 is the reference standard for the most critical web application security risks. Adopting the OWASP Top 10 is perhaps the most effective first step towards changing your software development culture focused on producing secure code.},
  langid = {english},
  file = {/Users/parssajashnieh/Zotero/storage/UVR38LLF/www-project-top-ten.html}
}

